@article{sinkhorn1967concerning,
  title={Concerning nonnegative matrices and doubly stochastic matrices},
  author={Sinkhorn, Richard and Knopp, Paul},
  journal={Pacific Journal of Mathematics},
  volume={21},
  number={2},
  pages={343--348},
  year={1967},
  publisher={Mathematical Sciences Publishers}
}

@article{uccar2011symmetry,
  title={A Symmetry Preserving Algorithm for Matrix Scaling},
  author={U{\c{c}}ar, Daniel Ruizâ€”Bora},
  journal={Research Report, RR-7552, inria-00569250v1},
  year={2011}
  }

@article{sinkhorn1967diagonal,
  title={Diagonal equivalence to matrices with prescribed row and column sums},
  author={Sinkhorn, Richard},
  journal={The American Mathematical Monthly},
  volume={74},
  number={4},
  pages={402--405},
  year={1967},
  publisher={JSTOR}
}

@article{menon1968,
  title={Matrix links, an extremization problem, and the reduction of non-negative matrix to one with prescribed row and column sums},
  author={Menon, M.V.},
  journal={Canad. J. Math},
  volume={20},
  number={4},
  pages={225--232},
  year={1968},
  publisher={JSTOR}
}

@article{sinkhorn1974,
  title={Diagonal equivalence to matrices with prescribed row and column sums. \rom{2}},
  author={Sinkhorn, Richard},
  journal={Proceedings of the American Mathematical Society},
  volume={45},
  number={2},
  pages={195--198},
  year={1974},
  publisher={JSTOR}
}

@article{pretzel1980,
  title={Convergence of the iterative scaling procedure for non-negative matrices},
  author={Pretzel, Oliver},
  journal={J. London Math. Soc.},
  volume={21},
  number={2},
  pages={379--384},
  year={1980},
  publisher={JSTOR}
}

@article{brualdi1974,
  title={The DAD theorem for arbitrary row sums},
  author={Brualdi, Richard},
  journal={Proceedings of the American Mathematical Society},
  volume={45},
  number={2},
  pages={189--194},
  year={1974},
  publisher={JSTOR}
}
